@article{pyopencl,
   author = {{Kl{\"o}ckner}, Andreas
        and {Pinto}, Nicolas
        and {Lee}, Yunsup
        and {Catanzaro}, B.
        and {Ivanov}, Paul
        and {Fasih}, Ahmed },
   title = "{PyCUDA and PyOpenCL: A Scripting-Based Approach to GPU Run-Time Code Generation}",
   journal = "Parallel Computing",
   volume = "38",
   number = "3",
   pages = "157--174",
   year = "2012",
   issn = "0167-8191",
   doi = "10.1016/j.parco.2011.09.001",
}

@unpublished{terrorist,
   author = {{Iskandarani}, Mohammed },
   title = "{Finite Volume Method for Scalar Advection in 2D}",
   institution = "University of Miami",
   Howpublished = "Lecture notes",
}

@MISC{math, 
    author = {{Wolfram Research, Inc.}},
    title = {Mathematica},
    url = {https://www.wolfram.com}, 
    version = {10.1},
    date = {2015},
    }
